@book{whitman1,
  author={Michael E. Whitman and Herbert J. Mattford},
  title={Principles of Incident Response and Disaster Recovery},
  chapter={2},
  pages={55-69},
  publisher={Course Technology},
  year={2007}
}

@book{whitman2,
  author={Michael E. Whitman and Herbert J. Mattford},
  title={Principles of Incident Response and Disaster Recovery},
  chapter={2},
  pages={60-61},
  publisher={Course Technology},
  year={2007},
  key={Table 2-2}
}
@book{whitman3,
  author={Michael E. Whitman and Herbert J. Mattford},
  title={Principles of Incident Response and Disaster Recovery},
  chapter={2},
  pages={62},
  publisher={Course Technology},
  year={2007},
  key={Table 2-3}
}
@book{whitman4,
  author={Michael E. Whitman and Herbert J. Mattford},
  title={Principles of Incident Response and Disaster Recovery},
  chapter={2},
  pages={63},
  publisher={Course Technology},
  year={2007},
  key={Example of a malicious code attack scenario}
}
@book{whitman5,
  author={Michael E. Whitman and Herbert J. Mattford},
  title={Principles of Incident Response and Disaster Recovery},
  chapter={2},
  pages={67-68},
  publisher={Course Technology},
  year={2007},
  key={Malicious code attack scenario addendum}
}
@book{whitman6,
  author={Michael E. Whitman and Herbert J. Mattford},
  title={Principles of Incident Response and Disaster Recovery},
  chapter={7},
  pages={278},
  publisher={Course Technology},
  year={2007},
  key={Figure 7-1: Disaster Respnse plan addendums to disaster scenario end case}
}